@article{turing1950computing,
  title={Computing machinery and intelligence},
  author={Turing, A.M.},
  journal={Mind},
  volume={59},
  number={236},
  pages={433--460},
  year={1950},
  publisher={JSTOR}
}